@article{dhaliwal2008,
author = "Jagjeet S. Dhaliwal",
doi = "10.1007/springerreference\_23007",
publisher = "Springer Science + Business Media",
title = "Real-time Water Simulation",
url = "http://www.cse.iitd.ernet.in/\textasciitidlecs5080212/MiniP.pdf",
urldate = "2016-11-28",
year = "2008"
}
@techreport{solenthaler2011,
author = "Barbara Solenthaler and Peter Bucher and Nuttapong Chentanez and Matthias Müller and Markus Gross",
publisher = "NVIDIA PhysX Research",
address = "ETH Zurich",
title = "Workshop on virtual reality interaction and physical simulation VRIPHYS (2011) SPH based shallow water simulation",
url = "https://graphics.ethz.ch/\textasciitidlesobarbar/papers/Sol11b/Sol11b.pdf",
urldate = "2016-11-28",
year = "2011"
}
@techreport{dekruijf,
author = "Marc De Kruijf",
publisher = "University of Wisconsin-Madison",
address = "Wisconsin",
title = "Firestarter – A real-time fire simulator",
url = "http://pages.cs.wisc.edu/\textasciitidledekruijf/docs/capstone.pdf",
urldate = "2016-11-28"
}
@article{balci,
author = "M. Balci and H. Foroosh",
journal = "2006 12th International Multi-Media Modelling Conference",
doi = "10.1109/mmmc.2006.1651309",
publisher = "Institute of Electrical and Electronics Engineers (IEEE)",
title = "Real-time 3D fire simulation using a spring-mass model",
url = "http://cil.cs.ucf.edu/pdf/balci\_mmm06\_realtime3dfiresimulation.pdf",
urldate = "2016-11-28"
}
@techreport{mcguire2006,
author = "Morgan Mcguire",
publisher = "Brown University",
address = "Rhode Island",
title = "A real-time, controllable simulator for plausible smoke",
url = "https://pdfs.semanticscholar.org/b3d5/7a76976a030804e8bd679024e3a68a82a3dc.pdf",
urldate = "2016-11-28",
year = "2006"
}
@techreport{hinks,
author = "Tommy Hinks",
publisher = "Link{\" o}ping University",
address = "Linkoping, Sweeden",
title = "Procedural smoke particle system with OpenGL 2.0",
url = "https://tommyhinks.files.wordpress.com/2012/02/proceduralsmokeparticlesystem.pdf",
urldate = "2016-11-28"
}
